<record><leader>00000cas a22000007a 4500</leader><controlfield tag="001">11437950</controlfield><controlfield tag="008">841130d19201929inudn ne      0    0eng d</controlfield><controlfield tag="009">5452</controlfield><datafield ind1=" " ind2=" " tag="010"><subfield code="a">sn 84045497 </subfield></datafield><datafield ind1=" " ind2=" " tag="040"><subfield code="a">NPI</subfield><subfield code="b">eng</subfield><subfield code="c">NPI</subfield><subfield code="d">OCLCQ</subfield></datafield><datafield ind1=" " ind2=" " tag="042"><subfield code="a">msc</subfield></datafield><datafield ind1="0" ind2="0" tag="245"><subfield code="a">Bluffton evening news.</subfield></datafield><datafield ind1=" " ind2=" " tag="260"><subfield code="a">Bluffton, Ind. :</subfield><subfield code="b">D.H. Swain,</subfield><subfield code="c">1920-1929.</subfield></datafield><datafield ind1=" " ind2=" " tag="300"><subfield code="a">11 v. :</subfield><subfield code="b">ill. ;</subfield><subfield code="c">60 cm.</subfield></datafield><datafield ind1=" " ind2=" " tag="310"><subfield code="a">Daily (except Sunday)</subfield></datafield><datafield ind1="0" ind2=" " tag="362"><subfield code="a">28th year, no. 304 (Sept. 24, 1920)-38th year, no. 29 (Nov. 2, 1929).</subfield></datafield><datafield ind1=" " ind2=" " tag="752"><subfield code="a">United States</subfield><subfield code="b">Indiana</subfield><subfield code="c">Wells</subfield><subfield code="d">Bluffton.</subfield></datafield><datafield ind1="0" ind2="0" tag="780"><subfield code="t">Evening news (Bluffton, Ind.)</subfield><subfield code="w">(DLC)sn 84045496</subfield></datafield><datafield ind1="0" ind2="7" tag="785"><subfield code="t">Evening banner (Bluffton, Ind.)</subfield><subfield code="w">(DLC)sn 86058682</subfield></datafield><datafield ind1="0" ind2="7" tag="785"><subfield code="t">Evening news-banner</subfield><subfield code="w">(DLC)sn 84045498</subfield></datafield></record>